@article{3gpp2019study,
	title={{Study of Enablers for Network Automation for 5G}},
	author= {{3GPP TR 23.791 V16.2.0 (2019-06)}},
	journal={},
	year={2019}
}

@article{etsi2019architecture,
	title={{Draft Zero-touch network and Service Management (ZSM); Reference Architecture}},
	author={{ETSI GS ZSM 002 V0.13.5 (2019-07)}},
	journal={},
	year={2019}
}

@article{ITU3172,
	title={{Architectural framework for machine learning in future networks including IMT-2020}},
	author={{ITU-T Rec. Y.3172}},
	year={2019},
	journal={},
	publisher={ITU-T}
}

@article{ITU3174,
	title={{Framework for data handling to enable machine learning in future networks including IMT-2020}},
	author={{ITU-T Rec. Y.3174}},
	year={2019},
	journal={},
	publisher={}
}

@article{ETSI,
	title={{Draft Zero-touch network and Service Management (ZSM); Reference Architecture}},
	author={{ETSI GS ZSM 002 V0.13.5 (2019-07)}},
	year={2019},
	journal={},
	publisher={}
}

@article{mimo1,
	title={Massive MIMO is a reality—What is next?: Five promising research directions for antenna arrays},
	author={{Emil Bj{\"o}rnson, et al.}},
	journal={Digital Signal Processing},
	volume={94},
	pages={3--20},
	year={2019},
	publisher={Elsevier}
}

@article{survey1,
	title={A survey on machine-learning techniques in cognitive radios},
	author={{Bkassiny, M. and Li, Y. and Jayaweera, S. K.}},
	journal={IEEE Comm. Surveys \& Tutorials},
	volume={15},
	number={3},
	pages={1136--1159},
	year={2012},
	publisher={IEEE}
}

@article{survey2,
	title={A survey of machine learning techniques applied to self-organizing cellular networks},
	author={{Klaine, P. V. et al.}},
	journal={IEEE Comm. Surveys \& Tutorials},
	volume={19},
	number={4},
	pages={2392--2431},
	year={2017},
	publisher={IEEE}
}

@article{survey3,
	title={{Deep learning in mobile and wireless networking: A survey}},
	author={{Zhang, C., Patras, P. and Haddadi, H.}},
	journal={IEEE Comm. Surveys \& Tutorials},
	volume={21},
	number={3},
	pages={2224--2287},
	year={2019},
	publisher={IEEE}
}

@article{survey4,
	title={Artificial neural networks-based machine learning for wireless networks: A tutorial},
	author={{Chen, M. et al.}},
	journal={IEEE Comm. Surveys \& Tutorials},
	volume={21},
	number={4},
	pages={3039--3071},
	year={2019},
	publisher={IEEE}
}

@article{survey5,
	title={Toward intelligent vehicular networks: A machine learning framework},
	author={{Liang, L. and Ye, H. and Li, G. Y.}},
	journal={IEEE IoT Journal},
	volume={6},
	number={1},
	pages={124--135},
	year={2018},
	publisher={IEEE}
}

@article{survey6,
	title={An introduction to deep learning for the physical layer},
	author={{O’Shea, T. and Hoydis, J.}},
	journal={IEEE ToCCN},
	volume={3},
	number={4},
	pages={563--575},
	year={2017},
	publisher={IEEE}
}

@book{samek,
	title={Explainable AI: interpreting, explaining and visualizing deep learning},
	author={{Samek, W.}},
	volume={11700},
	year={2019},
	publisher={Springer Nature}
}

@article{safe,
	title={A comprehensive survey on safe reinforcement learning},
	author={{Garc{\i}a, J. and Fern{\'a}ndez, F.}},
	journal={JMLR},
	volume={16},
	number={1},
	pages={1437--1480},
	year={2015}
}

@inproceedings{testbed_vs_simulation,
	title={On the accuracy of omnet++ in the wireless sensornetworks domain: simulation vs. testbed},
	author={{Colesanti, U. M., Crociani, C. and Vitaletti, A.}},
	booktitle={Proceedings of the 4th ACM workshop on Performance evaluation of wireless ad hoc, sensor, and ubiquitous networks},
	pages={25--31},
	year={2007}
}

@inproceedings{accuracy_manet,
	title={On the accuracy of MANET simulators},
	author={{Cavin, D., Sasson, Y., and Schiper, Andr{\'e}}},
	booktitle={Proceedings of the second ACM international workshop on Principles of mobile computing},
	pages={38--43},
	year={2002}
}

@article{wilhelmi,
	title={{Potential and pitfalls of multi-armed bandits for decentralized spatial reuse in WLANs}},
	author={{Wilhelmi, F. et al.}},
	journal={JNCA},
	volume={127},
	pages={26--42},
	year={2019},
	publisher={Elsevier}
}

@article{itu_architecture,
  title={A Flexible Machine-Learning-Aware Architecture for Future WLANs},
  author={{Wilhelmi, F. et al.}},
  journal={IEEE Comm. Mag.},
  volume={58},
  number={3},
  pages={25--31},
  year={2020},
  publisher={IEEE}
}

@inproceedings{gawlowicz2019ns,
  title={{ns-3 meets OpenAI Gym: The Playground for Machine Learning in Networking Research}},
  author={Gaw{\l}owicz, Piotr and Zubow, Anatolij},
  booktitle={Proceedings of the 22nd International ACM Conference on Modeling, Analysis and Simulation of Wireless and Mobile Systems},
  pages={113--120},
  year={2019}
}